%YAML 1.1
%TAG !u! tag:unity3d.com,2011:
--- !u!1 &760294677247076071
GameObject:
  m_ObjectHideFlags: 0
  m_CorrespondingSourceObject: {fileID: 0}
  m_PrefabInstance: {fileID: 0}
  m_PrefabAsset: {fileID: 0}
  serializedVersion: 6
  m_Component:
  - component: {fileID: 128013216287489117}
  - component: {fileID: 7324446846401575962}
  m_Layer: 0
  m_Name: Boss
  m_TagString: Enemy
  m_Icon: {fileID: 0}
  m_NavMeshLayer: 0
  m_StaticEditorFlags: 0
  m_IsActive: 1
--- !u!4 &128013216287489117
Transform:
  m_ObjectHideFlags: 0
  m_CorrespondingSourceObject: {fileID: 0}
  m_PrefabInstance: {fileID: 0}
  m_PrefabAsset: {fileID: 0}
  m_GameObject: {fileID: 760294677247076071}
  m_LocalRotation: {x: 0, y: 0, z: 0, w: 1}
  m_LocalPosition: {x: -26.08, y: 8, z: -22.57}
  m_LocalScale: {x: 0.5, y: 0.5, z: 0.5}
  m_Children:
  - {fileID: 5103392726166258970}
  - {fileID: 7719876274641868633}
  - {fileID: 3187599244477759411}
  m_Father: {fileID: 0}
  m_RootOrder: 0
  m_LocalEulerAnglesHint: {x: 0, y: 0, z: 0}
--- !u!82 &7324446846401575962
AudioSource:
  m_ObjectHideFlags: 0
  m_CorrespondingSourceObject: {fileID: 0}
  m_PrefabInstance: {fileID: 0}
  m_PrefabAsset: {fileID: 0}
  m_GameObject: {fileID: 760294677247076071}
  m_Enabled: 1
  serializedVersion: 4
  OutputAudioMixerGroup: {fileID: 0}
  m_audioClip: {fileID: 8300000, guid: 8d97fd5d1ab1a414f85bf0d270312403, type: 3}
  m_PlayOnAwake: 1
  m_Volume: 1
  m_Pitch: 1
  Loop: 1
  Mute: 0
  Spatialize: 0
  SpatializePostEffects: 0
  Priority: 128
  DopplerLevel: 1
  MinDistance: 3
  MaxDistance: 4.1695094
  Pan2D: 0
  rolloffMode: 0
  BypassEffects: 0
  BypassListenerEffects: 0
  BypassReverbZones: 0
  rolloffCustomCurve:
    serializedVersion: 2
    m_Curve:
    - serializedVersion: 3
      time: 0
      value: 1
      inSlope: 0
      outSlope: 0
      tangentMode: 0
      weightedMode: 0
      inWeight: 0.33333334
      outWeight: 0.33333334
    - serializedVersion: 3
      time: 1
      value: 0
      inSlope: 0
      outSlope: 0
      tangentMode: 0
      weightedMode: 0
      inWeight: 0.33333334
      outWeight: 0.33333334
    m_PreInfinity: 2
    m_PostInfinity: 2
    m_RotationOrder: 4
  panLevelCustomCurve:
    serializedVersion: 2
    m_Curve:
    - serializedVersion: 3
      time: 0
      value: 1
      inSlope: 0
      outSlope: 0
      tangentMode: 0
      weightedMode: 0
      inWeight: 0.33333334
      outWeight: 0.33333334
    m_PreInfinity: 2
    m_PostInfinity: 2
    m_RotationOrder: 4
  spreadCustomCurve:
    serializedVersion: 2
    m_Curve:
    - serializedVersion: 3
      time: 0
      value: 0
      inSlope: 0
      outSlope: 0
      tangentMode: 0
      weightedMode: 0
      inWeight: 0.33333334
      outWeight: 0.33333334
    m_PreInfinity: 2
    m_PostInfinity: 2
    m_RotationOrder: 4
  reverbZoneMixCustomCurve:
    serializedVersion: 2
    m_Curve:
    - serializedVersion: 3
      time: 0
      value: 1
      inSlope: 0
      outSlope: 0
      tangentMode: 0
      weightedMode: 0
      inWeight: 0.33333334
      outWeight: 0.33333334
    m_PreInfinity: 2
    m_PostInfinity: 2
    m_RotationOrder: 4
--- !u!114 &8463753078554030877
MonoBehaviour:
  m_ObjectHideFlags: 0
  m_CorrespondingSourceObject: {fileID: 0}
  m_PrefabInstance: {fileID: 0}
  m_PrefabAsset: {fileID: 0}
  m_GameObject: {fileID: 2843865055527052553}
  m_Enabled: 1
  m_EditorHideFlags: 0
  m_Script: {fileID: 11500000, guid: 0904917741b844c4bb2a6f7225ce24be, type: 3}
  m_Name: 
  m_EditorClassIdentifier: 
  anim: {fileID: 0}
  cooldown: 10
  particle: {fileID: 0}
  bullet: {fileID: 0}
  SpawnPoint: {fileID: 0}
  Player: {fileID: 0}
  enemy: {fileID: 0}
--- !u!1 &6235594681755450457
GameObject:
  m_ObjectHideFlags: 0
  m_CorrespondingSourceObject: {fileID: 0}
  m_PrefabInstance: {fileID: 0}
  m_PrefabAsset: {fileID: 0}
  serializedVersion: 6
  m_Component:
  - component: {fileID: 7719876274641868633}
  - component: {fileID: 1887395306277271473}
  - component: {fileID: 2782252708265882476}
  m_Layer: 0
  m_Name: EnemySoundManager
  m_TagString: Untagged
  m_Icon: {fileID: 0}
  m_NavMeshLayer: 0
  m_StaticEditorFlags: 0
  m_IsActive: 1
--- !u!4 &7719876274641868633
Transform:
  m_ObjectHideFlags: 0
  m_CorrespondingSourceObject: {fileID: 0}
  m_PrefabInstance: {fileID: 0}
  m_PrefabAsset: {fileID: 0}
  m_GameObject: {fileID: 6235594681755450457}
  m_LocalRotation: {x: 0, y: 0, z: 0, w: 1}
  m_LocalPosition: {x: 0, y: 0, z: 0}
  m_LocalScale: {x: 1, y: 1, z: 1}
  m_Children: []
  m_Father: {fileID: 128013216287489117}
  m_RootOrder: 1
  m_LocalEulerAnglesHint: {x: 0, y: 0, z: 0}
--- !u!114 &1887395306277271473
MonoBehaviour:
  m_ObjectHideFlags: 0
  m_CorrespondingSourceObject: {fileID: 0}
  m_PrefabInstance: {fileID: 0}
  m_PrefabAsset: {fileID: 0}
  m_GameObject: {fileID: 6235594681755450457}
  m_Enabled: 1
  m_EditorHideFlags: 0
  m_Script: {fileID: 11500000, guid: f26fcbcf137ae944b82afdd1cab1d38c, type: 3}
  m_Name: 
  m_EditorClassIdentifier: 
  shootSound: {fileID: 0}
  walk: {fileID: 0}
  run: {fileID: 0}
  swordhack: {fileID: 0}
  swordhit: {fileID: 0}
  swordin: {fileID: 0}
  swordout: {fileID: 0}
  gravityin: {fileID: 0}
  gravityout: {fileID: 0}
  chidori: {fileID: 0}
  lights: {fileID: 0}
  deathenemy: {fileID: 0}
  replacementskill: {fileID: 0}
  shoothit: {fileID: 0}
  audioSource: {fileID: 2782252708265882476}
--- !u!82 &2782252708265882476
AudioSource:
  m_ObjectHideFlags: 0
  m_CorrespondingSourceObject: {fileID: 0}
  m_PrefabInstance: {fileID: 0}
  m_PrefabAsset: {fileID: 0}
  m_GameObject: {fileID: 6235594681755450457}
  m_Enabled: 1
  serializedVersion: 4
  OutputAudioMixerGroup: {fileID: 0}
  m_audioClip: {fileID: 0}
  m_PlayOnAwake: 1
  m_Volume: 0.764
  m_Pitch: 1
  Loop: 0
  Mute: 0
  Spatialize: 0
  SpatializePostEffects: 0
  Priority: 128
  DopplerLevel: 1
  MinDistance: 1
  MaxDistance: 500
  Pan2D: 0
  rolloffMode: 0
  BypassEffects: 0
  BypassListenerEffects: 0
  BypassReverbZones: 0
  rolloffCustomCurve:
    serializedVersion: 2
    m_Curve:
    - serializedVersion: 3
      time: 0
      value: 1
      inSlope: 0
      outSlope: 0
      tangentMode: 0
      weightedMode: 0
      inWeight: 0.33333334
      outWeight: 0.33333334
    - serializedVersion: 3
      time: 1
      value: 0
      inSlope: 0
      outSlope: 0
      tangentMode: 0
      weightedMode: 0
      inWeight: 0.33333334
      outWeight: 0.33333334
    m_PreInfinity: 2
    m_PostInfinity: 2
    m_RotationOrder: 4
  panLevelCustomCurve:
    serializedVersion: 2
    m_Curve:
    - serializedVersion: 3
      time: 0
      value: 0
      inSlope: 0
      outSlope: 0
      tangentMode: 0
      weightedMode: 0
      inWeight: 0.33333334
      outWeight: 0.33333334
    m_PreInfinity: 2
    m_PostInfinity: 2
    m_RotationOrder: 4
  spreadCustomCurve:
    serializedVersion: 2
    m_Curve:
    - serializedVersion: 3
      time: 0
      value: 0
      inSlope: 0
      outSlope: 0
      tangentMode: 0
      weightedMode: 0
      inWeight: 0.33333334
      outWeight: 0.33333334
    m_PreInfinity: 2
    m_PostInfinity: 2
    m_RotationOrder: 4
  reverbZoneMixCustomCurve:
    serializedVersion: 2
    m_Curve:
    - serializedVersion: 3
      time: 0
      value: 1
      inSlope: 0
      outSlope: 0
      tangentMode: 0
      weightedMode: 0
      inWeight: 0.33333334
      outWeight: 0.33333334
    m_PreInfinity: 2
    m_PostInfinity: 2
    m_RotationOrder: 4
--- !u!1001 &1061182802645932385
PrefabInstance:
  m_ObjectHideFlags: 0
  serializedVersion: 2
  m_Modification:
    m_TransformParent: {fileID: 4631263882401601358}
    m_Modifications:
    - target: {fileID: 1279875712342298064, guid: 7a52a2f5def0e42c8976d8a69a08df64,
        type: 3}
      propertyPath: m_Name
      value: ParticleSystem_Fire_RateOverTime_Ball (1)
      objectReference: {fileID: 0}
    - target: {fileID: 1279875712342298064, guid: 7a52a2f5def0e42c8976d8a69a08df64,
        type: 3}
      propertyPath: m_IsActive
      value: 1
      objectReference: {fileID: 0}
    - target: {fileID: 1622043079951312303, guid: 7a52a2f5def0e42c8976d8a69a08df64,
        type: 3}
      propertyPath: m_Materials.Array.size
      value: 1
      objectReference: {fileID: 0}
    - target: {fileID: 2629408666372719910, guid: 7a52a2f5def0e42c8976d8a69a08df64,
        type: 3}
      propertyPath: UVModule.enabled
      value: 1
      objectReference: {fileID: 0}
    - target: {fileID: 2629408666372719910, guid: 7a52a2f5def0e42c8976d8a69a08df64,
        type: 3}
      propertyPath: InitialModule.startColor.maxColor.b
      value: 0.2790139
      objectReference: {fileID: 0}
    - target: {fileID: 2629408666372719910, guid: 7a52a2f5def0e42c8976d8a69a08df64,
        type: 3}
      propertyPath: InitialModule.startColor.maxColor.g
      value: 0.2790139
      objectReference: {fileID: 0}
    - target: {fileID: 2629408666372719910, guid: 7a52a2f5def0e42c8976d8a69a08df64,
        type: 3}
      propertyPath: InitialModule.startColor.maxColor.r
      value: 0.2830189
      objectReference: {fileID: 0}
    - target: {fileID: 8028351435670336737, guid: 7a52a2f5def0e42c8976d8a69a08df64,
        type: 3}
      propertyPath: m_RootOrder
      value: 5
      objectReference: {fileID: 0}
    - target: {fileID: 8028351435670336737, guid: 7a52a2f5def0e42c8976d8a69a08df64,
        type: 3}
      propertyPath: m_LocalScale.x
      value: 3
      objectReference: {fileID: 0}
    - target: {fileID: 8028351435670336737, guid: 7a52a2f5def0e42c8976d8a69a08df64,
        type: 3}
      propertyPath: m_LocalScale.y
      value: 3
      objectReference: {fileID: 0}
    - target: {fileID: 8028351435670336737, guid: 7a52a2f5def0e42c8976d8a69a08df64,
        type: 3}
      propertyPath: m_LocalScale.z
      value: 3
      objectReference: {fileID: 0}
    - target: {fileID: 8028351435670336737, guid: 7a52a2f5def0e42c8976d8a69a08df64,
        type: 3}
      propertyPath: m_LocalPosition.x
      value: 0.027190164
      objectReference: {fileID: 0}
    - target: {fileID: 8028351435670336737, guid: 7a52a2f5def0e42c8976d8a69a08df64,
        type: 3}
      propertyPath: m_LocalPosition.y
      value: 0.077331096
      objectReference: {fileID: 0}
    - target: {fileID: 8028351435670336737, guid: 7a52a2f5def0e42c8976d8a69a08df64,
        type: 3}
      propertyPath: m_LocalPosition.z
      value: -0.041150242
      objectReference: {fileID: 0}
    - target: {fileID: 8028351435670336737, guid: 7a52a2f5def0e42c8976d8a69a08df64,
        type: 3}
      propertyPath: m_LocalRotation.w
      value: 0.017396191
      objectReference: {fileID: 0}
    - target: {fileID: 8028351435670336737, guid: 7a52a2f5def0e42c8976d8a69a08df64,
        type: 3}
      propertyPath: m_LocalRotation.x
      value: -0.4236366
      objectReference: {fileID: 0}
    - target: {fileID: 8028351435670336737, guid: 7a52a2f5def0e42c8976d8a69a08df64,
        type: 3}
      propertyPath: m_LocalRotation.y
      value: 0.051472813
      objectReference: {fileID: 0}
    - target: {fileID: 8028351435670336737, guid: 7a52a2f5def0e42c8976d8a69a08df64,
        type: 3}
      propertyPath: m_LocalRotation.z
      value: -0.9042013
      objectReference: {fileID: 0}
    - target: {fileID: 8028351435670336737, guid: 7a52a2f5def0e42c8976d8a69a08df64,
        type: 3}
      propertyPath: m_LocalEulerAnglesHint.x
      value: 0
      objectReference: {fileID: 0}
    - target: {fileID: 8028351435670336737, guid: 7a52a2f5def0e42c8976d8a69a08df64,
        type: 3}
      propertyPath: m_LocalEulerAnglesHint.y
      value: 0
      objectReference: {fileID: 0}
    - target: {fileID: 8028351435670336737, guid: 7a52a2f5def0e42c8976d8a69a08df64,
        type: 3}
      propertyPath: m_LocalEulerAnglesHint.z
      value: 0
      objectReference: {fileID: 0}
    m_RemovedComponents: []
  m_SourcePrefab: {fileID: 100100000, guid: 7a52a2f5def0e42c8976d8a69a08df64, type: 3}
--- !u!1001 &1245245054849817389
PrefabInstance:
  m_ObjectHideFlags: 0
  serializedVersion: 2
  m_Modification:
    m_TransformParent: {fileID: 8598678331068214468}
    m_Modifications:
    - target: {fileID: 1279875712342298064, guid: 7a52a2f5def0e42c8976d8a69a08df64,
        type: 3}
      propertyPath: m_Name
      value: ParticleSystem_Fire_RateOverTime_Ball
      objectReference: {fileID: 0}
    - target: {fileID: 1279875712342298064, guid: 7a52a2f5def0e42c8976d8a69a08df64,
        type: 3}
      propertyPath: m_IsActive
      value: 1
      objectReference: {fileID: 0}
    - target: {fileID: 1622043079951312303, guid: 7a52a2f5def0e42c8976d8a69a08df64,
        type: 3}
      propertyPath: m_Materials.Array.size
      value: 1
      objectReference: {fileID: 0}
    - target: {fileID: 2629408666372719910, guid: 7a52a2f5def0e42c8976d8a69a08df64,
        type: 3}
      propertyPath: InitialModule.startColor.maxColor.b
      value: 1
      objectReference: {fileID: 0}
    - target: {fileID: 2629408666372719910, guid: 7a52a2f5def0e42c8976d8a69a08df64,
        type: 3}
      propertyPath: InitialModule.startColor.maxColor.g
      value: 0.1418643
      objectReference: {fileID: 0}
    - target: {fileID: 2629408666372719910, guid: 7a52a2f5def0e42c8976d8a69a08df64,
        type: 3}
      propertyPath: InitialModule.startColor.maxColor.r
      value: 0
      objectReference: {fileID: 0}
    - target: {fileID: 8028351435670336737, guid: 7a52a2f5def0e42c8976d8a69a08df64,
        type: 3}
      propertyPath: m_RootOrder
      value: 5
      objectReference: {fileID: 0}
    - target: {fileID: 8028351435670336737, guid: 7a52a2f5def0e42c8976d8a69a08df64,
        type: 3}
      propertyPath: m_LocalScale.x
      value: 3
      objectReference: {fileID: 0}
    - target: {fileID: 8028351435670336737, guid: 7a52a2f5def0e42c8976d8a69a08df64,
        type: 3}
      propertyPath: m_LocalScale.y
      value: 3
      objectReference: {fileID: 0}
    - target: {fileID: 8028351435670336737, guid: 7a52a2f5def0e42c8976d8a69a08df64,
        type: 3}
      propertyPath: m_LocalScale.z
      value: 3
      objectReference: {fileID: 0}
    - target: {fileID: 8028351435670336737, guid: 7a52a2f5def0e42c8976d8a69a08df64,
        type: 3}
      propertyPath: m_LocalPosition.x
      value: 0.058469214
      objectReference: {fileID: 0}
    - target: {fileID: 8028351435670336737, guid: 7a52a2f5def0e42c8976d8a69a08df64,
        type: 3}
      propertyPath: m_LocalPosition.y
      value: 0.13310179
      objectReference: {fileID: 0}
    - target: {fileID: 8028351435670336737, guid: 7a52a2f5def0e42c8976d8a69a08df64,
        type: 3}
      propertyPath: m_LocalPosition.z
      value: 0.059384353
      objectReference: {fileID: 0}
    - target: {fileID: 8028351435670336737, guid: 7a52a2f5def0e42c8976d8a69a08df64,
        type: 3}
      propertyPath: m_LocalRotation.w
      value: 0.83428216
      objectReference: {fileID: 0}
    - target: {fileID: 8028351435670336737, guid: 7a52a2f5def0e42c8976d8a69a08df64,
        type: 3}
      propertyPath: m_LocalRotation.x
      value: -0.48091286
      objectReference: {fileID: 0}
    - target: {fileID: 8028351435670336737, guid: 7a52a2f5def0e42c8976d8a69a08df64,
        type: 3}
      propertyPath: m_LocalRotation.y
      value: 0.26519442
      objectReference: {fileID: 0}
    - target: {fileID: 8028351435670336737, guid: 7a52a2f5def0e42c8976d8a69a08df64,
        type: 3}
      propertyPath: m_LocalRotation.z
      value: -0.04866387
      objectReference: {fileID: 0}
    - target: {fileID: 8028351435670336737, guid: 7a52a2f5def0e42c8976d8a69a08df64,
        type: 3}
      propertyPath: m_LocalEulerAnglesHint.x
      value: 0
      objectReference: {fileID: 0}
    - target: {fileID: 8028351435670336737, guid: 7a52a2f5def0e42c8976d8a69a08df64,
        type: 3}
      propertyPath: m_LocalEulerAnglesHint.y
      value: 0
      objectReference: {fileID: 0}
    - target: {fileID: 8028351435670336737, guid: 7a52a2f5def0e42c8976d8a69a08df64,
        type: 3}
      propertyPath: m_LocalEulerAnglesHint.z
      value: 0
      objectReference: {fileID: 0}
    m_RemovedComponents: []
  m_SourcePrefab: {fileID: 100100000, guid: 7a52a2f5def0e42c8976d8a69a08df64, type: 3}
--- !u!1001 &3149733450863024216
PrefabInstance:
  m_ObjectHideFlags: 0
  serializedVersion: 2
  m_Modification:
    m_TransformParent: {fileID: 128013216287489117}
    m_Modifications:
    - target: {fileID: -8679921383154817045, guid: 752b3c92a12a08642a1fec9e4ba45377,
        type: 3}
      propertyPath: m_RootOrder
      value: 2
      objectReference: {fileID: 0}
    - target: {fileID: -8679921383154817045, guid: 752b3c92a12a08642a1fec9e4ba45377,
        type: 3}
      propertyPath: m_LocalScale.x
      value: 8
      objectReference: {fileID: 0}
    - target: {fileID: -8679921383154817045, guid: 752b3c92a12a08642a1fec9e4ba45377,
        type: 3}
      propertyPath: m_LocalScale.y
      value: 8
      objectReference: {fileID: 0}
    - target: {fileID: -8679921383154817045, guid: 752b3c92a12a08642a1fec9e4ba45377,
        type: 3}
      propertyPath: m_LocalScale.z
      value: 8
      objectReference: {fileID: 0}
    - target: {fileID: -8679921383154817045, guid: 752b3c92a12a08642a1fec9e4ba45377,
        type: 3}
      propertyPath: m_LocalPosition.x
      value: -3.0992925
      objectReference: {fileID: 0}
    - target: {fileID: -8679921383154817045, guid: 752b3c92a12a08642a1fec9e4ba45377,
        type: 3}
      propertyPath: m_LocalPosition.y
      value: 1.9923066
      objectReference: {fileID: 0}
    - target: {fileID: -8679921383154817045, guid: 752b3c92a12a08642a1fec9e4ba45377,
        type: 3}
      propertyPath: m_LocalPosition.z
      value: 3.516929
      objectReference: {fileID: 0}
    - target: {fileID: -8679921383154817045, guid: 752b3c92a12a08642a1fec9e4ba45377,
        type: 3}
      propertyPath: m_LocalRotation.w
      value: 1
      objectReference: {fileID: 0}
    - target: {fileID: -8679921383154817045, guid: 752b3c92a12a08642a1fec9e4ba45377,
        type: 3}
      propertyPath: m_LocalRotation.x
      value: -0
      objectReference: {fileID: 0}
    - target: {fileID: -8679921383154817045, guid: 752b3c92a12a08642a1fec9e4ba45377,
        type: 3}
      propertyPath: m_LocalRotation.y
      value: -0
      objectReference: {fileID: 0}
    - target: {fileID: -8679921383154817045, guid: 752b3c92a12a08642a1fec9e4ba45377,
        type: 3}
      propertyPath: m_LocalRotation.z
      value: -0
      objectReference: {fileID: 0}
    - target: {fileID: -8679921383154817045, guid: 752b3c92a12a08642a1fec9e4ba45377,
        type: 3}
      propertyPath: m_LocalEulerAnglesHint.x
      value: 0
      objectReference: {fileID: 0}
    - target: {fileID: -8679921383154817045, guid: 752b3c92a12a08642a1fec9e4ba45377,
        type: 3}
      propertyPath: m_LocalEulerAnglesHint.y
      value: 0
      objectReference: {fileID: 0}
    - target: {fileID: -8679921383154817045, guid: 752b3c92a12a08642a1fec9e4ba45377,
        type: 3}
      propertyPath: m_LocalEulerAnglesHint.z
      value: 0
      objectReference: {fileID: 0}
    - target: {fileID: 919132149155446097, guid: 752b3c92a12a08642a1fec9e4ba45377,
        type: 3}
      propertyPath: m_Name
      value: Ch45_nonPBR@Ninja Idle
      objectReference: {fileID: 0}
    - target: {fileID: 5211720267947752103, guid: 752b3c92a12a08642a1fec9e4ba45377,
        type: 3}
      propertyPath: m_Materials.Array.data[0]
      value: 
      objectReference: {fileID: 2100000, guid: 80e727c5b1129bd48807a96714cbe24a, type: 2}
    - target: {fileID: 5866666021909216657, guid: 752b3c92a12a08642a1fec9e4ba45377,
        type: 3}
      propertyPath: m_Controller
      value: 
      objectReference: {fileID: 9100000, guid: 75182d520957d4f47b937f363371b648, type: 2}
    m_RemovedComponents: []
  m_SourcePrefab: {fileID: 100100000, guid: 752b3c92a12a08642a1fec9e4ba45377, type: 3}
--- !u!1 &2843865055527052553 stripped
GameObject:
  m_CorrespondingSourceObject: {fileID: 919132149155446097, guid: 752b3c92a12a08642a1fec9e4ba45377,
    type: 3}
  m_PrefabInstance: {fileID: 3149733450863024216}
  m_PrefabAsset: {fileID: 0}
--- !u!4 &3187599244477759411 stripped
Transform:
  m_CorrespondingSourceObject: {fileID: -8679921383154817045, guid: 752b3c92a12a08642a1fec9e4ba45377,
    type: 3}
  m_PrefabInstance: {fileID: 3149733450863024216}
  m_PrefabAsset: {fileID: 0}
--- !u!4 &4631263882401601358 stripped
Transform:
  m_CorrespondingSourceObject: {fileID: -1444648241424511210, guid: 752b3c92a12a08642a1fec9e4ba45377,
    type: 3}
  m_PrefabInstance: {fileID: 3149733450863024216}
  m_PrefabAsset: {fileID: 0}
--- !u!4 &4356348766498864326 stripped
Transform:
  m_CorrespondingSourceObject: {fileID: 1712148502986564766, guid: 752b3c92a12a08642a1fec9e4ba45377,
    type: 3}
  m_PrefabInstance: {fileID: 3149733450863024216}
  m_PrefabAsset: {fileID: 0}
--- !u!4 &8598678331068214468 stripped
Transform:
  m_CorrespondingSourceObject: {fileID: -2530251679569251172, guid: 752b3c92a12a08642a1fec9e4ba45377,
    type: 3}
  m_PrefabInstance: {fileID: 3149733450863024216}
  m_PrefabAsset: {fileID: 0}
--- !u!1001 &7596068167895566645
PrefabInstance:
  m_ObjectHideFlags: 0
  serializedVersion: 2
  m_Modification:
    m_TransformParent: {fileID: 4356348766498864326}
    m_Modifications:
    - target: {fileID: 659968619145144479, guid: 87d30b43a49d64b8e92c699a1f79e722,
        type: 3}
      propertyPath: m_RootOrder
      value: 1
      objectReference: {fileID: 0}
    - target: {fileID: 659968619145144479, guid: 87d30b43a49d64b8e92c699a1f79e722,
        type: 3}
      propertyPath: m_LocalScale.x
      value: 1
      objectReference: {fileID: 0}
    - target: {fileID: 659968619145144479, guid: 87d30b43a49d64b8e92c699a1f79e722,
        type: 3}
      propertyPath: m_LocalScale.y
      value: 1
      objectReference: {fileID: 0}
    - target: {fileID: 659968619145144479, guid: 87d30b43a49d64b8e92c699a1f79e722,
        type: 3}
      propertyPath: m_LocalScale.z
      value: 1
      objectReference: {fileID: 0}
    - target: {fileID: 659968619145144479, guid: 87d30b43a49d64b8e92c699a1f79e722,
        type: 3}
      propertyPath: m_LocalPosition.x
      value: 0.041
      objectReference: {fileID: 0}
    - target: {fileID: 659968619145144479, guid: 87d30b43a49d64b8e92c699a1f79e722,
        type: 3}
      propertyPath: m_LocalPosition.y
      value: -0.033
      objectReference: {fileID: 0}
    - target: {fileID: 659968619145144479, guid: 87d30b43a49d64b8e92c699a1f79e722,
        type: 3}
      propertyPath: m_LocalPosition.z
      value: -0.757
      objectReference: {fileID: 0}
    - target: {fileID: 659968619145144479, guid: 87d30b43a49d64b8e92c699a1f79e722,
        type: 3}
      propertyPath: m_LocalRotation.w
      value: 0.77846915
      objectReference: {fileID: 0}
    - target: {fileID: 659968619145144479, guid: 87d30b43a49d64b8e92c699a1f79e722,
        type: 3}
      propertyPath: m_LocalRotation.x
      value: 0.62583816
      objectReference: {fileID: 0}
    - target: {fileID: 659968619145144479, guid: 87d30b43a49d64b8e92c699a1f79e722,
        type: 3}
      propertyPath: m_LocalRotation.y
      value: -0.044320177
      objectReference: {fileID: 0}
    - target: {fileID: 659968619145144479, guid: 87d30b43a49d64b8e92c699a1f79e722,
        type: 3}
      propertyPath: m_LocalRotation.z
      value: 0.018659832
      objectReference: {fileID: 0}
    - target: {fileID: 659968619145144479, guid: 87d30b43a49d64b8e92c699a1f79e722,
        type: 3}
      propertyPath: m_LocalEulerAnglesHint.x
      value: 77.434006
      objectReference: {fileID: 0}
    - target: {fileID: 659968619145144479, guid: 87d30b43a49d64b8e92c699a1f79e722,
        type: 3}
      propertyPath: m_LocalEulerAnglesHint.y
      value: -12.111001
      objectReference: {fileID: 0}
    - target: {fileID: 659968619145144479, guid: 87d30b43a49d64b8e92c699a1f79e722,
        type: 3}
      propertyPath: m_LocalEulerAnglesHint.z
      value: -6.9750004
      objectReference: {fileID: 0}
    - target: {fileID: 4773617342415853912, guid: 87d30b43a49d64b8e92c699a1f79e722,
        type: 3}
      propertyPath: InitialModule.startColor.maxColor.b
      value: 0.2790139
      objectReference: {fileID: 0}
    - target: {fileID: 4773617342415853912, guid: 87d30b43a49d64b8e92c699a1f79e722,
        type: 3}
      propertyPath: InitialModule.startColor.maxColor.g
      value: 0.2790139
      objectReference: {fileID: 0}
    - target: {fileID: 4773617342415853912, guid: 87d30b43a49d64b8e92c699a1f79e722,
        type: 3}
      propertyPath: InitialModule.startColor.maxColor.r
      value: 0.2830189
      objectReference: {fileID: 0}
    - target: {fileID: 8124605294028093905, guid: 87d30b43a49d64b8e92c699a1f79e722,
        type: 3}
      propertyPath: m_Materials.Array.size
      value: 1
      objectReference: {fileID: 0}
    - target: {fileID: 8611386904513712558, guid: 87d30b43a49d64b8e92c699a1f79e722,
        type: 3}
      propertyPath: m_Name
      value: ParticleSystem_Fire_RateOverTime_Ring
      objectReference: {fileID: 0}
    - target: {fileID: 8611386904513712558, guid: 87d30b43a49d64b8e92c699a1f79e722,
        type: 3}
      propertyPath: m_IsActive
      value: 1
      objectReference: {fileID: 0}
    m_RemovedComponents: []
  m_SourcePrefab: {fileID: 100100000, guid: 87d30b43a49d64b8e92c699a1f79e722, type: 3}
--- !u!1001 &7843812180045057127
PrefabInstance:
  m_ObjectHideFlags: 0
  serializedVersion: 2
  m_Modification:
    m_TransformParent: {fileID: 128013216287489117}
    m_Modifications:
    - target: {fileID: 3028729280483035504, guid: 5a3c983668d4b40d7986afa8a4db6566,
        type: 3}
      propertyPath: m_Name
      value: ParticleSystem_Firedust
      objectReference: {fileID: 0}
    - target: {fileID: 3028729280483035504, guid: 5a3c983668d4b40d7986afa8a4db6566,
        type: 3}
      propertyPath: m_IsActive
      value: 1
      objectReference: {fileID: 0}
    - target: {fileID: 3028729280483035507, guid: 5a3c983668d4b40d7986afa8a4db6566,
        type: 3}
      propertyPath: m_Materials.Array.size
      value: 1
      objectReference: {fileID: 0}
    - target: {fileID: 3028729280483035517, guid: 5a3c983668d4b40d7986afa8a4db6566,
        type: 3}
      propertyPath: m_RootOrder
      value: 0
      objectReference: {fileID: 0}
    - target: {fileID: 3028729280483035517, guid: 5a3c983668d4b40d7986afa8a4db6566,
        type: 3}
      propertyPath: m_LocalScale.x
      value: 3
      objectReference: {fileID: 0}
    - target: {fileID: 3028729280483035517, guid: 5a3c983668d4b40d7986afa8a4db6566,
        type: 3}
      propertyPath: m_LocalScale.y
      value: 3
      objectReference: {fileID: 0}
    - target: {fileID: 3028729280483035517, guid: 5a3c983668d4b40d7986afa8a4db6566,
        type: 3}
      propertyPath: m_LocalScale.z
      value: 3
      objectReference: {fileID: 0}
    - target: {fileID: 3028729280483035517, guid: 5a3c983668d4b40d7986afa8a4db6566,
        type: 3}
      propertyPath: m_LocalPosition.x
      value: 0
      objectReference: {fileID: 0}
    - target: {fileID: 3028729280483035517, guid: 5a3c983668d4b40d7986afa8a4db6566,
        type: 3}
      propertyPath: m_LocalPosition.y
      value: 0.7200001
      objectReference: {fileID: 0}
    - target: {fileID: 3028729280483035517, guid: 5a3c983668d4b40d7986afa8a4db6566,
        type: 3}
      propertyPath: m_LocalPosition.z
      value: 0
      objectReference: {fileID: 0}
    - target: {fileID: 3028729280483035517, guid: 5a3c983668d4b40d7986afa8a4db6566,
        type: 3}
      propertyPath: m_LocalRotation.w
      value: 1
      objectReference: {fileID: 0}
    - target: {fileID: 3028729280483035517, guid: 5a3c983668d4b40d7986afa8a4db6566,
        type: 3}
      propertyPath: m_LocalRotation.x
      value: -0
      objectReference: {fileID: 0}
    - target: {fileID: 3028729280483035517, guid: 5a3c983668d4b40d7986afa8a4db6566,
        type: 3}
      propertyPath: m_LocalRotation.y
      value: -0
      objectReference: {fileID: 0}
    - target: {fileID: 3028729280483035517, guid: 5a3c983668d4b40d7986afa8a4db6566,
        type: 3}
      propertyPath: m_LocalRotation.z
      value: -0
      objectReference: {fileID: 0}
    - target: {fileID: 3028729280483035517, guid: 5a3c983668d4b40d7986afa8a4db6566,
        type: 3}
      propertyPath: m_LocalEulerAnglesHint.x
      value: 0
      objectReference: {fileID: 0}
    - target: {fileID: 3028729280483035517, guid: 5a3c983668d4b40d7986afa8a4db6566,
        type: 3}
      propertyPath: m_LocalEulerAnglesHint.y
      value: 0
      objectReference: {fileID: 0}
    - target: {fileID: 3028729280483035517, guid: 5a3c983668d4b40d7986afa8a4db6566,
        type: 3}
      propertyPath: m_LocalEulerAnglesHint.z
      value: 0
      objectReference: {fileID: 0}
    m_RemovedComponents: []
  m_SourcePrefab: {fileID: 100100000, guid: 5a3c983668d4b40d7986afa8a4db6566, type: 3}
--- !u!4 &5103392726166258970 stripped
Transform:
  m_CorrespondingSourceObject: {fileID: 3028729280483035517, guid: 5a3c983668d4b40d7986afa8a4db6566,
    type: 3}
  m_PrefabInstance: {fileID: 7843812180045057127}
  m_PrefabAsset: {fileID: 0}
