%YAML 1.1
%TAG !u! tag:unity3d.com,2011:
--- !u!136 &6620318047028278578
CapsuleCollider:
  m_ObjectHideFlags: 0
  m_CorrespondingSourceObject: {fileID: 0}
  m_PrefabInstance: {fileID: 0}
  m_PrefabAsset: {fileID: 0}
  m_GameObject: {fileID: 1931816070025073798}
  m_Material: {fileID: 0}
  m_IsTrigger: 0
  m_Enabled: 1
  m_Radius: 0.8813373
  m_Height: 2.6440122
  m_Direction: 1
  m_Center: {x: 0.05080517, y: 0.7962471, z: -0.24115121}
--- !u!64 &6620318047454477674
MeshCollider:
  m_ObjectHideFlags: 0
  m_CorrespondingSourceObject: {fileID: 0}
  m_PrefabInstance: {fileID: 0}
  m_PrefabAsset: {fileID: 0}
  m_GameObject: {fileID: 1931816071814911952}
  m_Material: {fileID: 0}
  m_IsTrigger: 0
  m_Enabled: 1
  serializedVersion: 4
  m_Convex: 1
  m_CookingOptions: 30
  m_Mesh: {fileID: 0}
--- !u!136 &6620318047454477675
CapsuleCollider:
  m_ObjectHideFlags: 0
  m_CorrespondingSourceObject: {fileID: 0}
  m_PrefabInstance: {fileID: 0}
  m_PrefabAsset: {fileID: 0}
  m_GameObject: {fileID: 1931816071814911952}
  m_Material: {fileID: 0}
  m_IsTrigger: 0
  m_Enabled: 0
  m_Radius: 0.8266393
  m_Height: 2.5924904
  m_Direction: 1
  m_Center: {x: 0.05080528, y: 0.79624647, z: -0.32319734}
--- !u!136 &6620318047056315299
CapsuleCollider:
  m_ObjectHideFlags: 0
  m_CorrespondingSourceObject: {fileID: 0}
  m_PrefabInstance: {fileID: 0}
  m_PrefabAsset: {fileID: 0}
  m_GameObject: {fileID: 1931816071833705359}
  m_Material: {fileID: 0}
  m_IsTrigger: 0
  m_Enabled: 1
  m_Radius: 0.8266393
  m_Height: 2.5924904
  m_Direction: 1
  m_Center: {x: 0.05080528, y: 0.79624647, z: -0.32319734}
--- !u!1 &6620318046756831258
GameObject:
  m_ObjectHideFlags: 0
  m_CorrespondingSourceObject: {fileID: 0}
  m_PrefabInstance: {fileID: 0}
  m_PrefabAsset: {fileID: 0}
  serializedVersion: 6
  m_Component:
  - component: {fileID: 6620318046756831257}
  - component: {fileID: 6620318046756831256}
  m_Layer: 0
  m_Name: FrontCollideLeft (1)
  m_TagString: Untagged
  m_Icon: {fileID: 0}
  m_NavMeshLayer: 0
  m_StaticEditorFlags: 0
  m_IsActive: 1
--- !u!4 &6620318046756831257
Transform:
  m_ObjectHideFlags: 0
  m_CorrespondingSourceObject: {fileID: 0}
  m_PrefabInstance: {fileID: 0}
  m_PrefabAsset: {fileID: 0}
  m_GameObject: {fileID: 6620318046756831258}
  m_LocalRotation: {x: -0, y: -0, z: -0, w: 1}
  m_LocalPosition: {x: -6.92, y: -1.73, z: 2.58}
  m_LocalScale: {x: -0.043963116, y: 0.073338725, z: 0.005029214}
  m_Children: []
  m_Father: {fileID: 6624869727916580314}
  m_RootOrder: 26
  m_LocalEulerAnglesHint: {x: 0, y: 0, z: 0}
--- !u!65 &6620318046756831256
BoxCollider:
  m_ObjectHideFlags: 0
  m_CorrespondingSourceObject: {fileID: 0}
  m_PrefabInstance: {fileID: 0}
  m_PrefabAsset: {fileID: 0}
  m_GameObject: {fileID: 6620318046756831258}
  m_Material: {fileID: 0}
  m_IsTrigger: 0
  m_Enabled: 1
  serializedVersion: 2
  m_Size: {x: 318.9, y: 64.4, z: 65.15}
  m_Center: {x: 0.0042976523, y: 2.9972482, z: 0.111457825}
--- !u!1 &6620318047286705517
GameObject:
  m_ObjectHideFlags: 0
  m_CorrespondingSourceObject: {fileID: 0}
  m_PrefabInstance: {fileID: 0}
  m_PrefabAsset: {fileID: 0}
  serializedVersion: 6
  m_Component:
  - component: {fileID: 6620318047286705489}
  - component: {fileID: 6620318047286705490}
  - component: {fileID: 6620318047286705491}
  - component: {fileID: 6620318047286705516}
  m_Layer: 0
  m_Name: Plane
  m_TagString: Untagged
  m_Icon: {fileID: 0}
  m_NavMeshLayer: 0
  m_StaticEditorFlags: 0
  m_IsActive: 1
--- !u!4 &6620318047286705489
Transform:
  m_ObjectHideFlags: 0
  m_CorrespondingSourceObject: {fileID: 0}
  m_PrefabInstance: {fileID: 0}
  m_PrefabAsset: {fileID: 0}
  m_GameObject: {fileID: 6620318047286705517}
  m_LocalRotation: {x: -0, y: -0, z: -0, w: 1}
  m_LocalPosition: {x: -19.1, y: -5.441935, z: -4.814636}
  m_LocalScale: {x: -7.17, y: 1, z: 4.54}
  m_Children: []
  m_Father: {fileID: 6620318047322991828}
  m_RootOrder: 9
  m_LocalEulerAnglesHint: {x: 0, y: 0, z: 0}
--- !u!33 &6620318047286705490
MeshFilter:
  m_ObjectHideFlags: 0
  m_CorrespondingSourceObject: {fileID: 0}
  m_PrefabInstance: {fileID: 0}
  m_PrefabAsset: {fileID: 0}
  m_GameObject: {fileID: 6620318047286705517}
  m_Mesh: {fileID: 10209, guid: 0000000000000000e000000000000000, type: 0}
--- !u!23 &6620318047286705491
MeshRenderer:
  m_ObjectHideFlags: 0
  m_CorrespondingSourceObject: {fileID: 0}
  m_PrefabInstance: {fileID: 0}
  m_PrefabAsset: {fileID: 0}
  m_GameObject: {fileID: 6620318047286705517}
  m_Enabled: 1
  m_CastShadows: 1
  m_ReceiveShadows: 1
  m_DynamicOccludee: 1
  m_MotionVectors: 1
  m_LightProbeUsage: 1
  m_ReflectionProbeUsage: 1
  m_RayTracingMode: 2
  m_RenderingLayerMask: 1
  m_RendererPriority: 0
  m_Materials:
  - {fileID: 2100000, guid: 00c9737f797e4f94d91231da59fa7a78, type: 2}
  m_StaticBatchInfo:
    firstSubMesh: 0
    subMeshCount: 0
  m_StaticBatchRoot: {fileID: 0}
  m_ProbeAnchor: {fileID: 0}
  m_LightProbeVolumeOverride: {fileID: 0}
  m_ScaleInLightmap: 1
  m_ReceiveGI: 1
  m_PreserveUVs: 0
  m_IgnoreNormalsForChartDetection: 0
  m_ImportantGI: 0
  m_StitchLightmapSeams: 1
  m_SelectedEditorRenderState: 3
  m_MinimumChartSize: 4
  m_AutoUVMaxDistance: 0.5
  m_AutoUVMaxAngle: 89
  m_LightmapParameters: {fileID: 0}
  m_SortingLayerID: 0
  m_SortingLayer: 0
  m_SortingOrder: 0
--- !u!64 &6620318047286705516
MeshCollider:
  m_ObjectHideFlags: 0
  m_CorrespondingSourceObject: {fileID: 0}
  m_PrefabInstance: {fileID: 0}
  m_PrefabAsset: {fileID: 0}
  m_GameObject: {fileID: 6620318047286705517}
  m_Material: {fileID: 0}
  m_IsTrigger: 0
  m_Enabled: 1
  serializedVersion: 4
  m_Convex: 0
  m_CookingOptions: 30
  m_Mesh: {fileID: 10209, guid: 0000000000000000e000000000000000, type: 0}
--- !u!1 &6620318047322991829
GameObject:
  m_ObjectHideFlags: 0
  m_CorrespondingSourceObject: {fileID: 0}
  m_PrefabInstance: {fileID: 0}
  m_PrefabAsset: {fileID: 0}
  serializedVersion: 6
  m_Component:
  - component: {fileID: 6620318047322991828}
  m_Layer: 0
  m_Name: DojoDark
  m_TagString: Untagged
  m_Icon: {fileID: 0}
  m_NavMeshLayer: 0
  m_StaticEditorFlags: 0
  m_IsActive: 1
--- !u!4 &6620318047322991828
Transform:
  m_ObjectHideFlags: 0
  m_CorrespondingSourceObject: {fileID: 0}
  m_PrefabInstance: {fileID: 0}
  m_PrefabAsset: {fileID: 0}
  m_GameObject: {fileID: 6620318047322991829}
  m_LocalRotation: {x: 0, y: 0, z: 0, w: 1}
  m_LocalPosition: {x: 0, y: 0, z: 0}
  m_LocalScale: {x: 0.4, y: 0.4, z: 0.4}
  m_Children:
  - {fileID: 6624869727916580314}
  - {fileID: 6620318046883835368}
  - {fileID: 6620318047692913650}
  - {fileID: 6620318048029283979}
  - {fileID: 6624610635255429165}
  - {fileID: 6624506460431732713}
  - {fileID: 1262381013642464618}
  - {fileID: 1262381013749301557}
  - {fileID: 1262381012202819132}
  - {fileID: 6620318047286705489}
  m_Father: {fileID: 0}
  m_RootOrder: 0
  m_LocalEulerAnglesHint: {x: 0, y: 0, z: 0}
--- !u!1 &6620318047699900777
GameObject:
  m_ObjectHideFlags: 0
  m_CorrespondingSourceObject: {fileID: 0}
  m_PrefabInstance: {fileID: 0}
  m_PrefabAsset: {fileID: 0}
  serializedVersion: 6
  m_Component:
  - component: {fileID: 6620318047699900776}
  - component: {fileID: 6620318047699900783}
  m_Layer: 0
  m_Name: FrontCollideLeft
  m_TagString: Untagged
  m_Icon: {fileID: 0}
  m_NavMeshLayer: 0
  m_StaticEditorFlags: 0
  m_IsActive: 1
--- !u!4 &6620318047699900776
Transform:
  m_ObjectHideFlags: 0
  m_CorrespondingSourceObject: {fileID: 0}
  m_PrefabInstance: {fileID: 0}
  m_PrefabAsset: {fileID: 0}
  m_GameObject: {fileID: 6620318047699900777}
  m_LocalRotation: {x: -0, y: -0, z: -0, w: 1}
  m_LocalPosition: {x: -6.92, y: -1.73, z: -5.58}
  m_LocalScale: {x: -0.043963116, y: 0.073338725, z: 0.005029214}
  m_Children: []
  m_Father: {fileID: 6624869727916580314}
  m_RootOrder: 25
  m_LocalEulerAnglesHint: {x: 0, y: 0, z: 0}
--- !u!65 &6620318047699900783
BoxCollider:
  m_ObjectHideFlags: 0
  m_CorrespondingSourceObject: {fileID: 0}
  m_PrefabInstance: {fileID: 0}
  m_PrefabAsset: {fileID: 0}
  m_GameObject: {fileID: 6620318047699900777}
  m_Material: {fileID: 0}
  m_IsTrigger: 0
  m_Enabled: 1
  serializedVersion: 2
  m_Size: {x: 318.9, y: 64.4, z: 65.15}
  m_Center: {x: 0.0042976523, y: 2.9972482, z: 0.111457825}
--- !u!1 &6620318047815646953
GameObject:
  m_ObjectHideFlags: 0
  m_CorrespondingSourceObject: {fileID: 0}
  m_PrefabInstance: {fileID: 0}
  m_PrefabAsset: {fileID: 0}
  serializedVersion: 6
  m_Component:
  - component: {fileID: 6620318047815646952}
  - component: {fileID: 6620318047815646959}
  m_Layer: 0
  m_Name: FrontCollideLeft (2)
  m_TagString: Untagged
  m_Icon: {fileID: 0}
  m_NavMeshLayer: 0
  m_StaticEditorFlags: 0
  m_IsActive: 1
--- !u!4 &6620318047815646952
Transform:
  m_ObjectHideFlags: 0
  m_CorrespondingSourceObject: {fileID: 0}
  m_PrefabInstance: {fileID: 0}
  m_PrefabAsset: {fileID: 0}
  m_GameObject: {fileID: 6620318047815646953}
  m_LocalRotation: {x: 0, y: 0.7071068, z: 0, w: 0.7071068}
  m_LocalPosition: {x: 0.21, y: -1.7300005, z: -1.43}
  m_LocalScale: {x: -0.043963116, y: 0.073338725, z: 0.005029214}
  m_Children: []
  m_Father: {fileID: 6624869727916580314}
  m_RootOrder: 27
  m_LocalEulerAnglesHint: {x: 0, y: 90, z: 0}
--- !u!65 &6620318047815646959
BoxCollider:
  m_ObjectHideFlags: 0
  m_CorrespondingSourceObject: {fileID: 0}
  m_PrefabInstance: {fileID: 0}
  m_PrefabAsset: {fileID: 0}
  m_GameObject: {fileID: 6620318047815646953}
  m_Material: {fileID: 0}
  m_IsTrigger: 0
  m_Enabled: 1
  serializedVersion: 2
  m_Size: {x: 190.5, y: 64.4, z: 65.15}
  m_Center: {x: 0.0042976523, y: 2.9972482, z: 0.111457825}
--- !u!1 &6620318047904068760
GameObject:
  m_ObjectHideFlags: 0
  m_CorrespondingSourceObject: {fileID: 0}
  m_PrefabInstance: {fileID: 0}
  m_PrefabAsset: {fileID: 0}
  serializedVersion: 6
  m_Component:
  - component: {fileID: 6620318047904068767}
  - component: {fileID: 6620318047904068766}
  m_Layer: 0
  m_Name: FrontCollideLeft (3)
  m_TagString: Untagged
  m_Icon: {fileID: 0}
  m_NavMeshLayer: 0
  m_StaticEditorFlags: 0
  m_IsActive: 1
--- !u!4 &6620318047904068767
Transform:
  m_ObjectHideFlags: 0
  m_CorrespondingSourceObject: {fileID: 0}
  m_PrefabInstance: {fileID: 0}
  m_PrefabAsset: {fileID: 0}
  m_GameObject: {fileID: 6620318047904068760}
  m_LocalRotation: {x: 0, y: 0.7071068, z: 0, w: 0.7071068}
  m_LocalPosition: {x: -13.92, y: -1.7300005, z: -1.43}
  m_LocalScale: {x: -0.043963116, y: 0.073338725, z: 0.005029214}
  m_Children: []
  m_Father: {fileID: 6624869727916580314}
  m_RootOrder: 28
  m_LocalEulerAnglesHint: {x: 0, y: 90, z: 0}
--- !u!65 &6620318047904068766
BoxCollider:
  m_ObjectHideFlags: 0
  m_CorrespondingSourceObject: {fileID: 0}
  m_PrefabInstance: {fileID: 0}
  m_PrefabAsset: {fileID: 0}
  m_GameObject: {fileID: 6620318047904068760}
  m_Material: {fileID: 0}
  m_IsTrigger: 0
  m_Enabled: 1
  serializedVersion: 2
  m_Size: {x: 190.5, y: 64.4, z: 65.15}
  m_Center: {x: 0.0042976523, y: 2.9972482, z: 0.111457825}
--- !u!65 &6620318048491296722
BoxCollider:
  m_ObjectHideFlags: 0
  m_CorrespondingSourceObject: {fileID: 0}
  m_PrefabInstance: {fileID: 0}
  m_PrefabAsset: {fileID: 0}
  m_GameObject: {fileID: 6621405420610595449}
  m_Material: {fileID: 0}
  m_IsTrigger: 0
  m_Enabled: 1
  serializedVersion: 2
  m_Size: {x: 3.512753, y: 0.8045298, z: 0.5030233}
  m_Center: {x: 0, y: 0, z: 0}
--- !u!1001 &6620318046810373725
PrefabInstance:
  m_ObjectHideFlags: 0
  serializedVersion: 2
  m_Modification:
    m_TransformParent: {fileID: 6620318047322991828}
    m_Modifications:
    - target: {fileID: 2476776925156711659, guid: 0331b169005eb1d469455efaa6b9024a,
        type: 3}
      propertyPath: m_Materials.Array.data[0]
      value: 
      objectReference: {fileID: 2100000, guid: 80e727c5b1129bd48807a96714cbe24a, type: 2}
    - target: {fileID: 4697017240656324050, guid: 0331b169005eb1d469455efaa6b9024a,
        type: 3}
      propertyPath: m_Name
      value: training_dummy (2)
      objectReference: {fileID: 0}
    - target: {fileID: 5360683131785772904, guid: 0331b169005eb1d469455efaa6b9024a,
        type: 3}
      propertyPath: m_RootOrder
      value: 7
      objectReference: {fileID: 0}
    - target: {fileID: 5360683131785772904, guid: 0331b169005eb1d469455efaa6b9024a,
        type: 3}
      propertyPath: m_LocalScale.x
      value: 2
      objectReference: {fileID: 0}
    - target: {fileID: 5360683131785772904, guid: 0331b169005eb1d469455efaa6b9024a,
        type: 3}
      propertyPath: m_LocalScale.y
      value: 2
      objectReference: {fileID: 0}
    - target: {fileID: 5360683131785772904, guid: 0331b169005eb1d469455efaa6b9024a,
        type: 3}
      propertyPath: m_LocalScale.z
      value: 2
      objectReference: {fileID: 0}
    - target: {fileID: 5360683131785772904, guid: 0331b169005eb1d469455efaa6b9024a,
        type: 3}
      propertyPath: m_LocalPosition.x
      value: 8.679932
      objectReference: {fileID: 0}
    - target: {fileID: 5360683131785772904, guid: 0331b169005eb1d469455efaa6b9024a,
        type: 3}
      propertyPath: m_LocalPosition.y
      value: -5.2219353
      objectReference: {fileID: 0}
    - target: {fileID: 5360683131785772904, guid: 0331b169005eb1d469455efaa6b9024a,
        type: 3}
      propertyPath: m_LocalPosition.z
      value: -6.314636
      objectReference: {fileID: 0}
    - target: {fileID: 5360683131785772904, guid: 0331b169005eb1d469455efaa6b9024a,
        type: 3}
      propertyPath: m_LocalRotation.w
      value: 0.69676673
      objectReference: {fileID: 0}
    - target: {fileID: 5360683131785772904, guid: 0331b169005eb1d469455efaa6b9024a,
        type: 3}
      propertyPath: m_LocalRotation.x
      value: -0
      objectReference: {fileID: 0}
    - target: {fileID: 5360683131785772904, guid: 0331b169005eb1d469455efaa6b9024a,
        type: 3}
      propertyPath: m_LocalRotation.y
      value: -0.71729785
      objectReference: {fileID: 0}
    - target: {fileID: 5360683131785772904, guid: 0331b169005eb1d469455efaa6b9024a,
        type: 3}
      propertyPath: m_LocalRotation.z
      value: -0
      objectReference: {fileID: 0}
    - target: {fileID: 5360683131785772904, guid: 0331b169005eb1d469455efaa6b9024a,
        type: 3}
      propertyPath: m_LocalEulerAnglesHint.x
      value: 0
      objectReference: {fileID: 0}
    - target: {fileID: 5360683131785772904, guid: 0331b169005eb1d469455efaa6b9024a,
        type: 3}
      propertyPath: m_LocalEulerAnglesHint.y
      value: -91.664
      objectReference: {fileID: 0}
    - target: {fileID: 5360683131785772904, guid: 0331b169005eb1d469455efaa6b9024a,
        type: 3}
      propertyPath: m_LocalEulerAnglesHint.z
      value: 0
      objectReference: {fileID: 0}
    - target: {fileID: 5615497917579445399, guid: 0331b169005eb1d469455efaa6b9024a,
        type: 3}
      propertyPath: m_Enabled
      value: 0
      objectReference: {fileID: 0}
    m_RemovedComponents: []
  m_SourcePrefab: {fileID: 100100000, guid: 0331b169005eb1d469455efaa6b9024a, type: 3}
--- !u!4 &1262381013749301557 stripped
Transform:
  m_CorrespondingSourceObject: {fileID: 5360683131785772904, guid: 0331b169005eb1d469455efaa6b9024a,
    type: 3}
  m_PrefabInstance: {fileID: 6620318046810373725}
  m_PrefabAsset: {fileID: 0}
--- !u!1 &1931816071833705359 stripped
GameObject:
  m_CorrespondingSourceObject: {fileID: 4697017240656324050, guid: 0331b169005eb1d469455efaa6b9024a,
    type: 3}
  m_PrefabInstance: {fileID: 6620318046810373725}
  m_PrefabAsset: {fileID: 0}
--- !u!1001 &6620318046883497330
PrefabInstance:
  m_ObjectHideFlags: 0
  serializedVersion: 2
  m_Modification:
    m_TransformParent: {fileID: 6620318047322991828}
    m_Modifications:
    - target: {fileID: 137880, guid: b2b6d96047db11c48b2e829e16ca0cce, type: 3}
      propertyPath: m_Name
      value: Kitsune
      objectReference: {fileID: 0}
    - target: {fileID: 469146, guid: b2b6d96047db11c48b2e829e16ca0cce, type: 3}
      propertyPath: m_RootOrder
      value: 1
      objectReference: {fileID: 0}
    - target: {fileID: 469146, guid: b2b6d96047db11c48b2e829e16ca0cce, type: 3}
      propertyPath: m_LocalScale.x
      value: 5
      objectReference: {fileID: 0}
    - target: {fileID: 469146, guid: b2b6d96047db11c48b2e829e16ca0cce, type: 3}
      propertyPath: m_LocalScale.y
      value: 5
      objectReference: {fileID: 0}
    - target: {fileID: 469146, guid: b2b6d96047db11c48b2e829e16ca0cce, type: 3}
      propertyPath: m_LocalScale.z
      value: 5
      objectReference: {fileID: 0}
    - target: {fileID: 469146, guid: b2b6d96047db11c48b2e829e16ca0cce, type: 3}
      propertyPath: m_LocalPosition.x
      value: -27.38208
      objectReference: {fileID: 0}
    - target: {fileID: 469146, guid: b2b6d96047db11c48b2e829e16ca0cce, type: 3}
      propertyPath: m_LocalPosition.y
      value: 2.1680646
      objectReference: {fileID: 0}
    - target: {fileID: 469146, guid: b2b6d96047db11c48b2e829e16ca0cce, type: 3}
      propertyPath: m_LocalPosition.z
      value: -24.664612
      objectReference: {fileID: 0}
    - target: {fileID: 469146, guid: b2b6d96047db11c48b2e829e16ca0cce, type: 3}
      propertyPath: m_LocalRotation.w
      value: 1
      objectReference: {fileID: 0}
    - target: {fileID: 469146, guid: b2b6d96047db11c48b2e829e16ca0cce, type: 3}
      propertyPath: m_LocalRotation.x
      value: -0
      objectReference: {fileID: 0}
    - target: {fileID: 469146, guid: b2b6d96047db11c48b2e829e16ca0cce, type: 3}
      propertyPath: m_LocalRotation.y
      value: -0
      objectReference: {fileID: 0}
    - target: {fileID: 469146, guid: b2b6d96047db11c48b2e829e16ca0cce, type: 3}
      propertyPath: m_LocalRotation.z
      value: -0
      objectReference: {fileID: 0}
    - target: {fileID: 469146, guid: b2b6d96047db11c48b2e829e16ca0cce, type: 3}
      propertyPath: m_LocalEulerAnglesHint.x
      value: 0
      objectReference: {fileID: 0}
    - target: {fileID: 469146, guid: b2b6d96047db11c48b2e829e16ca0cce, type: 3}
      propertyPath: m_LocalEulerAnglesHint.y
      value: 0
      objectReference: {fileID: 0}
    - target: {fileID: 469146, guid: b2b6d96047db11c48b2e829e16ca0cce, type: 3}
      propertyPath: m_LocalEulerAnglesHint.z
      value: 0
      objectReference: {fileID: 0}
    - target: {fileID: 2385756, guid: b2b6d96047db11c48b2e829e16ca0cce, type: 3}
      propertyPath: m_Materials.Array.data[0]
      value: 
      objectReference: {fileID: 2100000, guid: 80e727c5b1129bd48807a96714cbe24a, type: 2}
    m_RemovedComponents: []
  m_SourcePrefab: {fileID: 100100000, guid: b2b6d96047db11c48b2e829e16ca0cce, type: 3}
--- !u!4 &6620318046883835368 stripped
Transform:
  m_CorrespondingSourceObject: {fileID: 469146, guid: b2b6d96047db11c48b2e829e16ca0cce,
    type: 3}
  m_PrefabInstance: {fileID: 6620318046883497330}
  m_PrefabAsset: {fileID: 0}
--- !u!1001 &6620318046921667074
PrefabInstance:
  m_ObjectHideFlags: 0
  serializedVersion: 2
  m_Modification:
    m_TransformParent: {fileID: 6620318047322991828}
    m_Modifications:
    - target: {fileID: 2476776925156711659, guid: 0331b169005eb1d469455efaa6b9024a,
        type: 3}
      propertyPath: m_Materials.Array.data[0]
      value: 
      objectReference: {fileID: 2100000, guid: 80e727c5b1129bd48807a96714cbe24a, type: 2}
    - target: {fileID: 4697017240656324050, guid: 0331b169005eb1d469455efaa6b9024a,
        type: 3}
      propertyPath: m_Name
      value: training_dummy
      objectReference: {fileID: 0}
    - target: {fileID: 5360683131785772904, guid: 0331b169005eb1d469455efaa6b9024a,
        type: 3}
      propertyPath: m_RootOrder
      value: 6
      objectReference: {fileID: 0}
    - target: {fileID: 5360683131785772904, guid: 0331b169005eb1d469455efaa6b9024a,
        type: 3}
      propertyPath: m_LocalScale.x
      value: 2
      objectReference: {fileID: 0}
    - target: {fileID: 5360683131785772904, guid: 0331b169005eb1d469455efaa6b9024a,
        type: 3}
      propertyPath: m_LocalScale.y
      value: 2
      objectReference: {fileID: 0}
    - target: {fileID: 5360683131785772904, guid: 0331b169005eb1d469455efaa6b9024a,
        type: 3}
      propertyPath: m_LocalScale.z
      value: 2
      objectReference: {fileID: 0}
    - target: {fileID: 5360683131785772904, guid: 0331b169005eb1d469455efaa6b9024a,
        type: 3}
      propertyPath: m_LocalPosition.x
      value: 9.629944
      objectReference: {fileID: 0}
    - target: {fileID: 5360683131785772904, guid: 0331b169005eb1d469455efaa6b9024a,
        type: 3}
      propertyPath: m_LocalPosition.y
      value: -5.2219353
      objectReference: {fileID: 0}
    - target: {fileID: 5360683131785772904, guid: 0331b169005eb1d469455efaa6b9024a,
        type: 3}
      propertyPath: m_LocalPosition.z
      value: -17.414612
      objectReference: {fileID: 0}
    - target: {fileID: 5360683131785772904, guid: 0331b169005eb1d469455efaa6b9024a,
        type: 3}
      propertyPath: m_LocalRotation.w
      value: 0.69676673
      objectReference: {fileID: 0}
    - target: {fileID: 5360683131785772904, guid: 0331b169005eb1d469455efaa6b9024a,
        type: 3}
      propertyPath: m_LocalRotation.x
      value: -0
      objectReference: {fileID: 0}
    - target: {fileID: 5360683131785772904, guid: 0331b169005eb1d469455efaa6b9024a,
        type: 3}
      propertyPath: m_LocalRotation.y
      value: -0.71729785
      objectReference: {fileID: 0}
    - target: {fileID: 5360683131785772904, guid: 0331b169005eb1d469455efaa6b9024a,
        type: 3}
      propertyPath: m_LocalRotation.z
      value: -0
      objectReference: {fileID: 0}
    - target: {fileID: 5360683131785772904, guid: 0331b169005eb1d469455efaa6b9024a,
        type: 3}
      propertyPath: m_LocalEulerAnglesHint.x
      value: 0
      objectReference: {fileID: 0}
    - target: {fileID: 5360683131785772904, guid: 0331b169005eb1d469455efaa6b9024a,
        type: 3}
      propertyPath: m_LocalEulerAnglesHint.y
      value: -91.664
      objectReference: {fileID: 0}
    - target: {fileID: 5360683131785772904, guid: 0331b169005eb1d469455efaa6b9024a,
        type: 3}
      propertyPath: m_LocalEulerAnglesHint.z
      value: 0
      objectReference: {fileID: 0}
    - target: {fileID: 5615497917579445399, guid: 0331b169005eb1d469455efaa6b9024a,
        type: 3}
      propertyPath: m_Enabled
      value: 0
      objectReference: {fileID: 0}
    m_RemovedComponents: []
  m_SourcePrefab: {fileID: 100100000, guid: 0331b169005eb1d469455efaa6b9024a, type: 3}
--- !u!1 &1931816071814911952 stripped
GameObject:
  m_CorrespondingSourceObject: {fileID: 4697017240656324050, guid: 0331b169005eb1d469455efaa6b9024a,
    type: 3}
  m_PrefabInstance: {fileID: 6620318046921667074}
  m_PrefabAsset: {fileID: 0}
--- !u!4 &1262381013642464618 stripped
Transform:
  m_CorrespondingSourceObject: {fileID: 5360683131785772904, guid: 0331b169005eb1d469455efaa6b9024a,
    type: 3}
  m_PrefabInstance: {fileID: 6620318046921667074}
  m_PrefabAsset: {fileID: 0}
--- !u!1001 &6620318047692513650
PrefabInstance:
  m_ObjectHideFlags: 0
  serializedVersion: 2
  m_Modification:
    m_TransformParent: {fileID: 6620318047322991828}
    m_Modifications:
    - target: {fileID: 100000, guid: 79480ccc7d585e440b07bc1fe9765c46, type: 3}
      propertyPath: m_Name
      value: zabutonB01
      objectReference: {fileID: 0}
    - target: {fileID: 400000, guid: 79480ccc7d585e440b07bc1fe9765c46, type: 3}
      propertyPath: m_RootOrder
      value: 2
      objectReference: {fileID: 0}
    - target: {fileID: 400000, guid: 79480ccc7d585e440b07bc1fe9765c46, type: 3}
      propertyPath: m_LocalScale.x
      value: 2
      objectReference: {fileID: 0}
    - target: {fileID: 400000, guid: 79480ccc7d585e440b07bc1fe9765c46, type: 3}
      propertyPath: m_LocalScale.y
      value: 2
      objectReference: {fileID: 0}
    - target: {fileID: 400000, guid: 79480ccc7d585e440b07bc1fe9765c46, type: 3}
      propertyPath: m_LocalScale.z
      value: 2
      objectReference: {fileID: 0}
    - target: {fileID: 400000, guid: 79480ccc7d585e440b07bc1fe9765c46, type: 3}
      propertyPath: m_LocalPosition.x
      value: -46.465332
      objectReference: {fileID: 0}
    - target: {fileID: 400000, guid: 79480ccc7d585e440b07bc1fe9765c46, type: 3}
      propertyPath: m_LocalPosition.y
      value: -5.43
      objectReference: {fileID: 0}
    - target: {fileID: 400000, guid: 79480ccc7d585e440b07bc1fe9765c46, type: 3}
      propertyPath: m_LocalPosition.z
      value: 2.2402954
      objectReference: {fileID: 0}
    - target: {fileID: 400000, guid: 79480ccc7d585e440b07bc1fe9765c46, type: 3}
      propertyPath: m_LocalRotation.w
      value: 1
      objectReference: {fileID: 0}
    - target: {fileID: 400000, guid: 79480ccc7d585e440b07bc1fe9765c46, type: 3}
      propertyPath: m_LocalRotation.x
      value: -0
      objectReference: {fileID: 0}
    - target: {fileID: 400000, guid: 79480ccc7d585e440b07bc1fe9765c46, type: 3}
      propertyPath: m_LocalRotation.y
      value: -0
      objectReference: {fileID: 0}
    - target: {fileID: 400000, guid: 79480ccc7d585e440b07bc1fe9765c46, type: 3}
      propertyPath: m_LocalRotation.z
      value: -0
      objectReference: {fileID: 0}
    - target: {fileID: 400000, guid: 79480ccc7d585e440b07bc1fe9765c46, type: 3}
      propertyPath: m_LocalEulerAnglesHint.x
      value: 0
      objectReference: {fileID: 0}
    - target: {fileID: 400000, guid: 79480ccc7d585e440b07bc1fe9765c46, type: 3}
      propertyPath: m_LocalEulerAnglesHint.y
      value: 0
      objectReference: {fileID: 0}
    - target: {fileID: 400000, guid: 79480ccc7d585e440b07bc1fe9765c46, type: 3}
      propertyPath: m_LocalEulerAnglesHint.z
      value: 0
      objectReference: {fileID: 0}
    - target: {fileID: 2300000, guid: 79480ccc7d585e440b07bc1fe9765c46, type: 3}
      propertyPath: m_Materials.Array.data[0]
      value: 
      objectReference: {fileID: 2100000, guid: 80e727c5b1129bd48807a96714cbe24a, type: 2}
    m_RemovedComponents: []
  m_SourcePrefab: {fileID: 100100000, guid: 79480ccc7d585e440b07bc1fe9765c46, type: 3}
--- !u!4 &6620318047692913650 stripped
Transform:
  m_CorrespondingSourceObject: {fileID: 400000, guid: 79480ccc7d585e440b07bc1fe9765c46,
    type: 3}
  m_PrefabInstance: {fileID: 6620318047692513650}
  m_PrefabAsset: {fileID: 0}
--- !u!1001 &6620318047862804043
PrefabInstance:
  m_ObjectHideFlags: 0
  serializedVersion: 2
  m_Modification:
    m_TransformParent: {fileID: 6620318047322991828}
    m_Modifications:
    - target: {fileID: 1105102596170802, guid: 0e4190caa75938d4eacb7d2cb960fac7, type: 3}
      propertyPath: m_Name
      value: bench
      objectReference: {fileID: 0}
    - target: {fileID: 4293002068817510, guid: 0e4190caa75938d4eacb7d2cb960fac7, type: 3}
      propertyPath: m_RootOrder
      value: 4
      objectReference: {fileID: 0}
    - target: {fileID: 4293002068817510, guid: 0e4190caa75938d4eacb7d2cb960fac7, type: 3}
      propertyPath: m_LocalScale.x
      value: 2
      objectReference: {fileID: 0}
    - target: {fileID: 4293002068817510, guid: 0e4190caa75938d4eacb7d2cb960fac7, type: 3}
      propertyPath: m_LocalScale.y
      value: 2
      objectReference: {fileID: 0}
    - target: {fileID: 4293002068817510, guid: 0e4190caa75938d4eacb7d2cb960fac7, type: 3}
      propertyPath: m_LocalScale.z
      value: 2
      objectReference: {fileID: 0}
    - target: {fileID: 4293002068817510, guid: 0e4190caa75938d4eacb7d2cb960fac7, type: 3}
      propertyPath: m_LocalPosition.x
      value: -52.590088
      objectReference: {fileID: 0}
    - target: {fileID: 4293002068817510, guid: 0e4190caa75938d4eacb7d2cb960fac7, type: 3}
      propertyPath: m_LocalPosition.y
      value: -4.421935
      objectReference: {fileID: 0}
    - target: {fileID: 4293002068817510, guid: 0e4190caa75938d4eacb7d2cb960fac7, type: 3}
      propertyPath: m_LocalPosition.z
      value: -12.0946045
      objectReference: {fileID: 0}
    - target: {fileID: 4293002068817510, guid: 0e4190caa75938d4eacb7d2cb960fac7, type: 3}
      propertyPath: m_LocalRotation.w
      value: 0.7071068
      objectReference: {fileID: 0}
    - target: {fileID: 4293002068817510, guid: 0e4190caa75938d4eacb7d2cb960fac7, type: 3}
      propertyPath: m_LocalRotation.x
      value: -0
      objectReference: {fileID: 0}
    - target: {fileID: 4293002068817510, guid: 0e4190caa75938d4eacb7d2cb960fac7, type: 3}
      propertyPath: m_LocalRotation.y
      value: 0.7071068
      objectReference: {fileID: 0}
    - target: {fileID: 4293002068817510, guid: 0e4190caa75938d4eacb7d2cb960fac7, type: 3}
      propertyPath: m_LocalRotation.z
      value: -0
      objectReference: {fileID: 0}
    - target: {fileID: 4293002068817510, guid: 0e4190caa75938d4eacb7d2cb960fac7, type: 3}
      propertyPath: m_LocalEulerAnglesHint.x
      value: 0
      objectReference: {fileID: 0}
    - target: {fileID: 4293002068817510, guid: 0e4190caa75938d4eacb7d2cb960fac7, type: 3}
      propertyPath: m_LocalEulerAnglesHint.y
      value: 90
      objectReference: {fileID: 0}
    - target: {fileID: 4293002068817510, guid: 0e4190caa75938d4eacb7d2cb960fac7, type: 3}
      propertyPath: m_LocalEulerAnglesHint.z
      value: 0
      objectReference: {fileID: 0}
    - target: {fileID: 23899123223143560, guid: 0e4190caa75938d4eacb7d2cb960fac7,
        type: 3}
      propertyPath: m_Materials.Array.data[0]
      value: 
      objectReference: {fileID: 2100000, guid: 1edee8f4d0a67ad4e9316b5b5c18fe76, type: 2}
    m_RemovedComponents: []
  m_SourcePrefab: {fileID: 100100000, guid: 0e4190caa75938d4eacb7d2cb960fac7, type: 3}
--- !u!4 &6624610635255429165 stripped
Transform:
  m_CorrespondingSourceObject: {fileID: 4293002068817510, guid: 0e4190caa75938d4eacb7d2cb960fac7,
    type: 3}
  m_PrefabInstance: {fileID: 6620318047862804043}
  m_PrefabAsset: {fileID: 0}
--- !u!1 &6621405420610595449 stripped
GameObject:
  m_CorrespondingSourceObject: {fileID: 1105102596170802, guid: 0e4190caa75938d4eacb7d2cb960fac7,
    type: 3}
  m_PrefabInstance: {fileID: 6620318047862804043}
  m_PrefabAsset: {fileID: 0}
--- !u!1001 &6620318048029150219
PrefabInstance:
  m_ObjectHideFlags: 0
  serializedVersion: 2
  m_Modification:
    m_TransformParent: {fileID: 6620318047322991828}
    m_Modifications:
    - target: {fileID: 100000, guid: 85f3f030ce5721b4fa963957d53c5f62, type: 3}
      propertyPath: m_Name
      value: zabutonA01
      objectReference: {fileID: 0}
    - target: {fileID: 400000, guid: 85f3f030ce5721b4fa963957d53c5f62, type: 3}
      propertyPath: m_RootOrder
      value: 3
      objectReference: {fileID: 0}
    - target: {fileID: 400000, guid: 85f3f030ce5721b4fa963957d53c5f62, type: 3}
      propertyPath: m_LocalScale.x
      value: 2
      objectReference: {fileID: 0}
    - target: {fileID: 400000, guid: 85f3f030ce5721b4fa963957d53c5f62, type: 3}
      propertyPath: m_LocalScale.y
      value: 2
      objectReference: {fileID: 0}
    - target: {fileID: 400000, guid: 85f3f030ce5721b4fa963957d53c5f62, type: 3}
      propertyPath: m_LocalScale.z
      value: 2
      objectReference: {fileID: 0}
    - target: {fileID: 400000, guid: 85f3f030ce5721b4fa963957d53c5f62, type: 3}
      propertyPath: m_LocalPosition.x
      value: -46.55008
      objectReference: {fileID: 0}
    - target: {fileID: 400000, guid: 85f3f030ce5721b4fa963957d53c5f62, type: 3}
      propertyPath: m_LocalPosition.y
      value: -5.314598
      objectReference: {fileID: 0}
    - target: {fileID: 400000, guid: 85f3f030ce5721b4fa963957d53c5f62, type: 3}
      propertyPath: m_LocalPosition.z
      value: -2.4246216
      objectReference: {fileID: 0}
    - target: {fileID: 400000, guid: 85f3f030ce5721b4fa963957d53c5f62, type: 3}
      propertyPath: m_LocalRotation.w
      value: 1
      objectReference: {fileID: 0}
    - target: {fileID: 400000, guid: 85f3f030ce5721b4fa963957d53c5f62, type: 3}
      propertyPath: m_LocalRotation.x
      value: -0
      objectReference: {fileID: 0}
    - target: {fileID: 400000, guid: 85f3f030ce5721b4fa963957d53c5f62, type: 3}
      propertyPath: m_LocalRotation.y
      value: -0
      objectReference: {fileID: 0}
    - target: {fileID: 400000, guid: 85f3f030ce5721b4fa963957d53c5f62, type: 3}
      propertyPath: m_LocalRotation.z
      value: -0
      objectReference: {fileID: 0}
    - target: {fileID: 400000, guid: 85f3f030ce5721b4fa963957d53c5f62, type: 3}
      propertyPath: m_LocalEulerAnglesHint.x
      value: 0
      objectReference: {fileID: 0}
    - target: {fileID: 400000, guid: 85f3f030ce5721b4fa963957d53c5f62, type: 3}
      propertyPath: m_LocalEulerAnglesHint.y
      value: 0
      objectReference: {fileID: 0}
    - target: {fileID: 400000, guid: 85f3f030ce5721b4fa963957d53c5f62, type: 3}
      propertyPath: m_LocalEulerAnglesHint.z
      value: 0
      objectReference: {fileID: 0}
    - target: {fileID: 2300000, guid: 85f3f030ce5721b4fa963957d53c5f62, type: 3}
      propertyPath: m_Materials.Array.data[0]
      value: 
      objectReference: {fileID: 2100000, guid: 80e727c5b1129bd48807a96714cbe24a, type: 2}
    m_RemovedComponents: []
  m_SourcePrefab: {fileID: 100100000, guid: 85f3f030ce5721b4fa963957d53c5f62, type: 3}
--- !u!4 &6620318048029283979 stripped
Transform:
  m_CorrespondingSourceObject: {fileID: 400000, guid: 85f3f030ce5721b4fa963957d53c5f62,
    type: 3}
  m_PrefabInstance: {fileID: 6620318048029150219}
  m_PrefabAsset: {fileID: 0}
--- !u!1001 &6620318048228463457
PrefabInstance:
  m_ObjectHideFlags: 0
  serializedVersion: 2
  m_Modification:
    m_TransformParent: {fileID: 6620318047322991828}
    m_Modifications:
    - target: {fileID: 1703284948211158, guid: 9b58bf3f085755347b4b0b5c9bfa4cb9, type: 3}
      propertyPath: m_Name
      value: Vase
      objectReference: {fileID: 0}
    - target: {fileID: 4188827087510664, guid: 9b58bf3f085755347b4b0b5c9bfa4cb9, type: 3}
      propertyPath: m_RootOrder
      value: 5
      objectReference: {fileID: 0}
    - target: {fileID: 4188827087510664, guid: 9b58bf3f085755347b4b0b5c9bfa4cb9, type: 3}
      propertyPath: m_LocalPosition.x
      value: -51.630066
      objectReference: {fileID: 0}
    - target: {fileID: 4188827087510664, guid: 9b58bf3f085755347b4b0b5c9bfa4cb9, type: 3}
      propertyPath: m_LocalPosition.y
      value: -4.111935
      objectReference: {fileID: 0}
    - target: {fileID: 4188827087510664, guid: 9b58bf3f085755347b4b0b5c9bfa4cb9, type: 3}
      propertyPath: m_LocalPosition.z
      value: 11.7854
      objectReference: {fileID: 0}
    - target: {fileID: 4188827087510664, guid: 9b58bf3f085755347b4b0b5c9bfa4cb9, type: 3}
      propertyPath: m_LocalRotation.w
      value: 1
      objectReference: {fileID: 0}
    - target: {fileID: 4188827087510664, guid: 9b58bf3f085755347b4b0b5c9bfa4cb9, type: 3}
      propertyPath: m_LocalRotation.x
      value: -0
      objectReference: {fileID: 0}
    - target: {fileID: 4188827087510664, guid: 9b58bf3f085755347b4b0b5c9bfa4cb9, type: 3}
      propertyPath: m_LocalRotation.y
      value: -0
      objectReference: {fileID: 0}
    - target: {fileID: 4188827087510664, guid: 9b58bf3f085755347b4b0b5c9bfa4cb9, type: 3}
      propertyPath: m_LocalRotation.z
      value: -0
      objectReference: {fileID: 0}
    - target: {fileID: 4188827087510664, guid: 9b58bf3f085755347b4b0b5c9bfa4cb9, type: 3}
      propertyPath: m_LocalEulerAnglesHint.x
      value: 0
      objectReference: {fileID: 0}
    - target: {fileID: 4188827087510664, guid: 9b58bf3f085755347b4b0b5c9bfa4cb9, type: 3}
      propertyPath: m_LocalEulerAnglesHint.y
      value: 0
      objectReference: {fileID: 0}
    - target: {fileID: 4188827087510664, guid: 9b58bf3f085755347b4b0b5c9bfa4cb9, type: 3}
      propertyPath: m_LocalEulerAnglesHint.z
      value: 0
      objectReference: {fileID: 0}
    - target: {fileID: 23108229056712160, guid: 9b58bf3f085755347b4b0b5c9bfa4cb9,
        type: 3}
      propertyPath: m_Materials.Array.data[0]
      value: 
      objectReference: {fileID: 2100000, guid: 3079e517d2d69b642a5d9bc09f229556, type: 2}
    m_RemovedComponents: []
  m_SourcePrefab: {fileID: 100100000, guid: 9b58bf3f085755347b4b0b5c9bfa4cb9, type: 3}
--- !u!4 &6624506460431732713 stripped
Transform:
  m_CorrespondingSourceObject: {fileID: 4188827087510664, guid: 9b58bf3f085755347b4b0b5c9bfa4cb9,
    type: 3}
  m_PrefabInstance: {fileID: 6620318048228463457}
  m_PrefabAsset: {fileID: 0}
--- !u!1001 &6620318048234872738
PrefabInstance:
  m_ObjectHideFlags: 0
  serializedVersion: 2
  m_Modification:
    m_TransformParent: {fileID: 6620318047322991828}
    m_Modifications:
    - target: {fileID: 1217540712399610, guid: 08bf2342fa4e13f4b8c9c1aae2be2b5e, type: 3}
      propertyPath: m_IsActive
      value: 0
      objectReference: {fileID: 0}
    - target: {fileID: 1547510897073830, guid: 08bf2342fa4e13f4b8c9c1aae2be2b5e, type: 3}
      propertyPath: m_IsActive
      value: 1
      objectReference: {fileID: 0}
    - target: {fileID: 1809203943131958, guid: 08bf2342fa4e13f4b8c9c1aae2be2b5e, type: 3}
      propertyPath: m_IsActive
      value: 1
      objectReference: {fileID: 0}
    - target: {fileID: 1938983126454556, guid: 08bf2342fa4e13f4b8c9c1aae2be2b5e, type: 3}
      propertyPath: m_Name
      value: House Full
      objectReference: {fileID: 0}
    - target: {fileID: 4239933122088680, guid: 08bf2342fa4e13f4b8c9c1aae2be2b5e, type: 3}
      propertyPath: m_LocalPosition.x
      value: -1.14
      objectReference: {fileID: 0}
    - target: {fileID: 4604593678926456, guid: 08bf2342fa4e13f4b8c9c1aae2be2b5e, type: 3}
      propertyPath: m_RootOrder
      value: 0
      objectReference: {fileID: 0}
    - target: {fileID: 4604593678926456, guid: 08bf2342fa4e13f4b8c9c1aae2be2b5e, type: 3}
      propertyPath: m_LocalScale.x
      value: 5
      objectReference: {fileID: 0}
    - target: {fileID: 4604593678926456, guid: 08bf2342fa4e13f4b8c9c1aae2be2b5e, type: 3}
      propertyPath: m_LocalScale.y
      value: 2
      objectReference: {fileID: 0}
    - target: {fileID: 4604593678926456, guid: 08bf2342fa4e13f4b8c9c1aae2be2b5e, type: 3}
      propertyPath: m_LocalScale.z
      value: 5
      objectReference: {fileID: 0}
    - target: {fileID: 4604593678926456, guid: 08bf2342fa4e13f4b8c9c1aae2be2b5e, type: 3}
      propertyPath: m_LocalPosition.x
      value: 14.859924
      objectReference: {fileID: 0}
    - target: {fileID: 4604593678926456, guid: 08bf2342fa4e13f4b8c9c1aae2be2b5e, type: 3}
      propertyPath: m_LocalPosition.y
      value: 2.6780648
      objectReference: {fileID: 0}
    - target: {fileID: 4604593678926456, guid: 08bf2342fa4e13f4b8c9c1aae2be2b5e, type: 3}
      propertyPath: m_LocalPosition.z
      value: 2.385376
      objectReference: {fileID: 0}
    - target: {fileID: 4604593678926456, guid: 08bf2342fa4e13f4b8c9c1aae2be2b5e, type: 3}
      propertyPath: m_LocalRotation.w
      value: 1
      objectReference: {fileID: 0}
    - target: {fileID: 4604593678926456, guid: 08bf2342fa4e13f4b8c9c1aae2be2b5e, type: 3}
      propertyPath: m_LocalRotation.x
      value: -0
      objectReference: {fileID: 0}
    - target: {fileID: 4604593678926456, guid: 08bf2342fa4e13f4b8c9c1aae2be2b5e, type: 3}
      propertyPath: m_LocalRotation.y
      value: -0
      objectReference: {fileID: 0}
    - target: {fileID: 4604593678926456, guid: 08bf2342fa4e13f4b8c9c1aae2be2b5e, type: 3}
      propertyPath: m_LocalRotation.z
      value: -0
      objectReference: {fileID: 0}
    - target: {fileID: 4604593678926456, guid: 08bf2342fa4e13f4b8c9c1aae2be2b5e, type: 3}
      propertyPath: m_LocalEulerAnglesHint.x
      value: 0
      objectReference: {fileID: 0}
    - target: {fileID: 4604593678926456, guid: 08bf2342fa4e13f4b8c9c1aae2be2b5e, type: 3}
      propertyPath: m_LocalEulerAnglesHint.y
      value: 0
      objectReference: {fileID: 0}
    - target: {fileID: 4604593678926456, guid: 08bf2342fa4e13f4b8c9c1aae2be2b5e, type: 3}
      propertyPath: m_LocalEulerAnglesHint.z
      value: 0
      objectReference: {fileID: 0}
    - target: {fileID: 4864189262300130, guid: 08bf2342fa4e13f4b8c9c1aae2be2b5e, type: 3}
      propertyPath: m_LocalPosition.x
      value: 0.89
      objectReference: {fileID: 0}
    - target: {fileID: 23003216937278316, guid: 08bf2342fa4e13f4b8c9c1aae2be2b5e,
        type: 3}
      propertyPath: m_Materials.Array.data[0]
      value: 
      objectReference: {fileID: 2100000, guid: 68f2ee65872b85e44bdd7fd851c8e013, type: 2}
    - target: {fileID: 23067836397627256, guid: 08bf2342fa4e13f4b8c9c1aae2be2b5e,
        type: 3}
      propertyPath: m_Materials.Array.data[0]
      value: 
      objectReference: {fileID: 2100000, guid: 206f1f82ed1cee642a0a0e106ba9f54c, type: 2}
    - target: {fileID: 23098172109841416, guid: 08bf2342fa4e13f4b8c9c1aae2be2b5e,
        type: 3}
      propertyPath: m_Materials.Array.data[0]
      value: 
      objectReference: {fileID: 2100000, guid: 206f1f82ed1cee642a0a0e106ba9f54c, type: 2}
    - target: {fileID: 23112468691184116, guid: 08bf2342fa4e13f4b8c9c1aae2be2b5e,
        type: 3}
      propertyPath: m_Materials.Array.data[0]
      value: 
      objectReference: {fileID: 2100000, guid: 68f2ee65872b85e44bdd7fd851c8e013, type: 2}
    - target: {fileID: 23124018069664820, guid: 08bf2342fa4e13f4b8c9c1aae2be2b5e,
        type: 3}
      propertyPath: m_Materials.Array.data[0]
      value: 
      objectReference: {fileID: 2100000, guid: 206f1f82ed1cee642a0a0e106ba9f54c, type: 2}
    - target: {fileID: 23133890151330618, guid: 08bf2342fa4e13f4b8c9c1aae2be2b5e,
        type: 3}
      propertyPath: m_Materials.Array.data[0]
      value: 
      objectReference: {fileID: 2100000, guid: 206f1f82ed1cee642a0a0e106ba9f54c, type: 2}
    - target: {fileID: 23139479329671348, guid: 08bf2342fa4e13f4b8c9c1aae2be2b5e,
        type: 3}
      propertyPath: m_Materials.Array.data[0]
      value: 
      objectReference: {fileID: 2100000, guid: 68f2ee65872b85e44bdd7fd851c8e013, type: 2}
    - target: {fileID: 23192370990660266, guid: 08bf2342fa4e13f4b8c9c1aae2be2b5e,
        type: 3}
      propertyPath: m_Materials.Array.data[0]
      value: 
      objectReference: {fileID: 2100000, guid: 68f2ee65872b85e44bdd7fd851c8e013, type: 2}
    - target: {fileID: 23234680111931270, guid: 08bf2342fa4e13f4b8c9c1aae2be2b5e,
        type: 3}
      propertyPath: m_Materials.Array.data[0]
      value: 
      objectReference: {fileID: 2100000, guid: 206f1f82ed1cee642a0a0e106ba9f54c, type: 2}
    - target: {fileID: 23264706969108834, guid: 08bf2342fa4e13f4b8c9c1aae2be2b5e,
        type: 3}
      propertyPath: m_Materials.Array.data[0]
      value: 
      objectReference: {fileID: 2100000, guid: 68f2ee65872b85e44bdd7fd851c8e013, type: 2}
    - target: {fileID: 23326571702552924, guid: 08bf2342fa4e13f4b8c9c1aae2be2b5e,
        type: 3}
      propertyPath: m_Materials.Array.data[0]
      value: 
      objectReference: {fileID: 2100000, guid: 68f2ee65872b85e44bdd7fd851c8e013, type: 2}
    - target: {fileID: 23350261324467436, guid: 08bf2342fa4e13f4b8c9c1aae2be2b5e,
        type: 3}
      propertyPath: m_Materials.Array.data[0]
      value: 
      objectReference: {fileID: 2100000, guid: 206f1f82ed1cee642a0a0e106ba9f54c, type: 2}
    - target: {fileID: 23419313190172156, guid: 08bf2342fa4e13f4b8c9c1aae2be2b5e,
        type: 3}
      propertyPath: m_Materials.Array.data[0]
      value: 
      objectReference: {fileID: 2100000, guid: 206f1f82ed1cee642a0a0e106ba9f54c, type: 2}
    - target: {fileID: 23431249697373042, guid: 08bf2342fa4e13f4b8c9c1aae2be2b5e,
        type: 3}
      propertyPath: m_Materials.Array.data[0]
      value: 
      objectReference: {fileID: 2100000, guid: 68f2ee65872b85e44bdd7fd851c8e013, type: 2}
    - target: {fileID: 23477898061125380, guid: 08bf2342fa4e13f4b8c9c1aae2be2b5e,
        type: 3}
      propertyPath: m_Materials.Array.data[0]
      value: 
      objectReference: {fileID: 2100000, guid: 206f1f82ed1cee642a0a0e106ba9f54c, type: 2}
    - target: {fileID: 23497160364694094, guid: 08bf2342fa4e13f4b8c9c1aae2be2b5e,
        type: 3}
      propertyPath: m_Materials.Array.data[0]
      value: 
      objectReference: {fileID: 2100000, guid: 206f1f82ed1cee642a0a0e106ba9f54c, type: 2}
    - target: {fileID: 23501500573652598, guid: 08bf2342fa4e13f4b8c9c1aae2be2b5e,
        type: 3}
      propertyPath: m_Materials.Array.data[0]
      value: 
      objectReference: {fileID: 2100000, guid: 206f1f82ed1cee642a0a0e106ba9f54c, type: 2}
    - target: {fileID: 23539100447498708, guid: 08bf2342fa4e13f4b8c9c1aae2be2b5e,
        type: 3}
      propertyPath: m_Materials.Array.data[0]
      value: 
      objectReference: {fileID: 2100000, guid: 68f2ee65872b85e44bdd7fd851c8e013, type: 2}
    - target: {fileID: 23569974178807616, guid: 08bf2342fa4e13f4b8c9c1aae2be2b5e,
        type: 3}
      propertyPath: m_Materials.Array.data[0]
      value: 
      objectReference: {fileID: 2100000, guid: 68f2ee65872b85e44bdd7fd851c8e013, type: 2}
    - target: {fileID: 23616801114970806, guid: 08bf2342fa4e13f4b8c9c1aae2be2b5e,
        type: 3}
      propertyPath: m_Materials.Array.data[0]
      value: 
      objectReference: {fileID: 2100000, guid: 68f2ee65872b85e44bdd7fd851c8e013, type: 2}
    - target: {fileID: 23623726550494226, guid: 08bf2342fa4e13f4b8c9c1aae2be2b5e,
        type: 3}
      propertyPath: m_Materials.Array.data[0]
      value: 
      objectReference: {fileID: 2100000, guid: 206f1f82ed1cee642a0a0e106ba9f54c, type: 2}
    - target: {fileID: 23626192412952610, guid: 08bf2342fa4e13f4b8c9c1aae2be2b5e,
        type: 3}
      propertyPath: m_Materials.Array.data[0]
      value: 
      objectReference: {fileID: 2100000, guid: 68f2ee65872b85e44bdd7fd851c8e013, type: 2}
    - target: {fileID: 23708587750102890, guid: 08bf2342fa4e13f4b8c9c1aae2be2b5e,
        type: 3}
      propertyPath: m_Materials.Array.data[0]
      value: 
      objectReference: {fileID: 2100000, guid: 206f1f82ed1cee642a0a0e106ba9f54c, type: 2}
    - target: {fileID: 23770063209588672, guid: 08bf2342fa4e13f4b8c9c1aae2be2b5e,
        type: 3}
      propertyPath: m_Materials.Array.data[0]
      value: 
      objectReference: {fileID: 2100000, guid: 206f1f82ed1cee642a0a0e106ba9f54c, type: 2}
    - target: {fileID: 23945033643410950, guid: 08bf2342fa4e13f4b8c9c1aae2be2b5e,
        type: 3}
      propertyPath: m_Materials.Array.data[0]
      value: 
      objectReference: {fileID: 2100000, guid: 68f2ee65872b85e44bdd7fd851c8e013, type: 2}
    - target: {fileID: 23974934017792884, guid: 08bf2342fa4e13f4b8c9c1aae2be2b5e,
        type: 3}
      propertyPath: m_Materials.Array.data[0]
      value: 
      objectReference: {fileID: 2100000, guid: 68f2ee65872b85e44bdd7fd851c8e013, type: 2}
    m_RemovedComponents: []
  m_SourcePrefab: {fileID: 100100000, guid: 08bf2342fa4e13f4b8c9c1aae2be2b5e, type: 3}
--- !u!4 &6624869727916580314 stripped
Transform:
  m_CorrespondingSourceObject: {fileID: 4604593678926456, guid: 08bf2342fa4e13f4b8c9c1aae2be2b5e,
    type: 3}
  m_PrefabInstance: {fileID: 6620318048234872738}
  m_PrefabAsset: {fileID: 0}
--- !u!1001 &6620318048350433620
PrefabInstance:
  m_ObjectHideFlags: 0
  serializedVersion: 2
  m_Modification:
    m_TransformParent: {fileID: 6620318047322991828}
    m_Modifications:
    - target: {fileID: 2476776925156711659, guid: 0331b169005eb1d469455efaa6b9024a,
        type: 3}
      propertyPath: m_Materials.Array.data[0]
      value: 
      objectReference: {fileID: 2100000, guid: 80e727c5b1129bd48807a96714cbe24a, type: 2}
    - target: {fileID: 4697017240656324050, guid: 0331b169005eb1d469455efaa6b9024a,
        type: 3}
      propertyPath: m_Name
      value: training_dummy (1)
      objectReference: {fileID: 0}
    - target: {fileID: 5360683131785772904, guid: 0331b169005eb1d469455efaa6b9024a,
        type: 3}
      propertyPath: m_RootOrder
      value: 8
      objectReference: {fileID: 0}
    - target: {fileID: 5360683131785772904, guid: 0331b169005eb1d469455efaa6b9024a,
        type: 3}
      propertyPath: m_LocalScale.x
      value: 3
      objectReference: {fileID: 0}
    - target: {fileID: 5360683131785772904, guid: 0331b169005eb1d469455efaa6b9024a,
        type: 3}
      propertyPath: m_LocalScale.y
      value: 2
      objectReference: {fileID: 0}
    - target: {fileID: 5360683131785772904, guid: 0331b169005eb1d469455efaa6b9024a,
        type: 3}
      propertyPath: m_LocalScale.z
      value: 2
      objectReference: {fileID: 0}
    - target: {fileID: 5360683131785772904, guid: 0331b169005eb1d469455efaa6b9024a,
        type: 3}
      propertyPath: m_LocalPosition.x
      value: 9.4599
      objectReference: {fileID: 0}
    - target: {fileID: 5360683131785772904, guid: 0331b169005eb1d469455efaa6b9024a,
        type: 3}
      propertyPath: m_LocalPosition.y
      value: -5.2219353
      objectReference: {fileID: 0}
    - target: {fileID: 5360683131785772904, guid: 0331b169005eb1d469455efaa6b9024a,
        type: 3}
      propertyPath: m_LocalPosition.z
      value: 6.185364
      objectReference: {fileID: 0}
    - target: {fileID: 5360683131785772904, guid: 0331b169005eb1d469455efaa6b9024a,
        type: 3}
      propertyPath: m_LocalRotation.w
      value: 0.69676673
      objectReference: {fileID: 0}
    - target: {fileID: 5360683131785772904, guid: 0331b169005eb1d469455efaa6b9024a,
        type: 3}
      propertyPath: m_LocalRotation.x
      value: -0
      objectReference: {fileID: 0}
    - target: {fileID: 5360683131785772904, guid: 0331b169005eb1d469455efaa6b9024a,
        type: 3}
      propertyPath: m_LocalRotation.y
      value: -0.71729785
      objectReference: {fileID: 0}
    - target: {fileID: 5360683131785772904, guid: 0331b169005eb1d469455efaa6b9024a,
        type: 3}
      propertyPath: m_LocalRotation.z
      value: -0
      objectReference: {fileID: 0}
    - target: {fileID: 5360683131785772904, guid: 0331b169005eb1d469455efaa6b9024a,
        type: 3}
      propertyPath: m_LocalEulerAnglesHint.x
      value: 0
      objectReference: {fileID: 0}
    - target: {fileID: 5360683131785772904, guid: 0331b169005eb1d469455efaa6b9024a,
        type: 3}
      propertyPath: m_LocalEulerAnglesHint.y
      value: -91.664
      objectReference: {fileID: 0}
    - target: {fileID: 5360683131785772904, guid: 0331b169005eb1d469455efaa6b9024a,
        type: 3}
      propertyPath: m_LocalEulerAnglesHint.z
      value: 0
      objectReference: {fileID: 0}
    - target: {fileID: 5615497917579445399, guid: 0331b169005eb1d469455efaa6b9024a,
        type: 3}
      propertyPath: m_Enabled
      value: 0
      objectReference: {fileID: 0}
    m_RemovedComponents: []
  m_SourcePrefab: {fileID: 100100000, guid: 0331b169005eb1d469455efaa6b9024a, type: 3}
--- !u!1 &1931816070025073798 stripped
GameObject:
  m_CorrespondingSourceObject: {fileID: 4697017240656324050, guid: 0331b169005eb1d469455efaa6b9024a,
    type: 3}
  m_PrefabInstance: {fileID: 6620318048350433620}
  m_PrefabAsset: {fileID: 0}
--- !u!4 &1262381012202819132 stripped
Transform:
  m_CorrespondingSourceObject: {fileID: 5360683131785772904, guid: 0331b169005eb1d469455efaa6b9024a,
    type: 3}
  m_PrefabInstance: {fileID: 6620318048350433620}
  m_PrefabAsset: {fileID: 0}
